@misc{kinfu,
    author  = "George D. Greenwade",
    title   = "KinectFusion: Real-Time Dense Surface Mapping and Tracking",
    year    = "1993"
}

@article{Pomerleau12comp,
	author = {Pomerleau, Fran{\c c}ois and Colas, Francis and Siegwart, Roland and Magnenat, St{\'e}phane},
	title = {{Comparing ICP Variants on Real-World Data Sets}},
	journal = {Autonomous Robots},
	year = {2013},
	volume = {34},
	number = {3},
	pages = {133--148},
	month = feb
}
